<?xml version="1.0" encoding="UTF-8"?><record xmlns="http://www.loc.gov/MARC21/slim" xmlns:cinclude="http://apache.org/cocoon/include/1.0" xmlns:zs="http://www.loc.gov/zing/srw/">
  <leader>00438nz  a2200121n  4500</leader>
  <controlfield tag="001">n  97073169 </controlfield>
  <controlfield tag="003">DLC</controlfield>
  <controlfield tag="005">19970721102419.8</controlfield>
  <controlfield tag="008">970721n| acannaab|          |n aaa |||  </controlfield>
  <datafield tag="010" ind1=" " ind2=" ">
    <subfield code="a">n  97073169 </subfield>
  </datafield>
  <datafield tag="040" ind1=" " ind2=" ">
    <subfield code="a">DLC</subfield>
    <subfield code="c">DLC</subfield>
  </datafield>
  <datafield tag="100" ind1="1" ind2="0">
    <subfield code="a">Sengupta, Surajit,</subfield>
    <subfield code="d">1962-</subfield>
  </datafield>
  <datafield tag="670" ind1=" " ind2=" ">
    <subfield code="a">Frontiers in materials modelling and design, 1997:</subfield>
    <subfield code="b">CIP t.p. (Surajit Sengupta) galley (Dr.; Materials Res. Div., Indira Gandhi Centre for Atomic Res.) data sheet (b. 12/17/62)</subfield>
  </datafield>
</record>